<?xml version="1.0" encoding="UTF-8"?><collection xmlns="http://www.loc.gov/MARC21/slim"><record><leader>00411nam--2200145-i-4500</leader><controlfield tag="001">000005607</controlfield><controlfield tag="002">20161230</controlfield><controlfield tag="005">20170222182216</controlfield><controlfield tag="008">060222s1000------------r-----000-0-eng-d</controlfield><datafield ind1=" " ind2=" " tag="100"><subfield code="a">Danielson, G. C</subfield></datafield><datafield ind1=" " ind2=" " tag="245"><subfield code="a">Measurement of minority carrier lifetimes in semiconductors</subfield></datafield><datafield ind1=" " ind2=" " tag="260"><subfield code="a">Oak Ridge</subfield><subfield code="b">Techn.Inform.Service Extens</subfield><subfield code="c">1957</subfield></datafield><datafield ind1=" " ind2=" " tag="300"><subfield code="a">35 p</subfield></datafield><datafield ind1=" " ind2=" " tag="700"><subfield code="a">Nishina, Yuichiro</subfield></datafield><datafield ind1=" " ind2=" " tag="CAT"><subfield code="a">SYS</subfield><subfield code="c">20170222</subfield><subfield code="h">182216</subfield></datafield></record></collection>